@article{hamayel2021novel,
  title={A Novel Cryptocurrency Price Prediction Model Using GRU, LSTM and bi-LSTM Machine Learning Algorithms},
  author={Hamayel, Mohammad J and Owda, Amani Yousef},
  journal={AI},
  volume={2},
  number={4},
  pages={477--496},
  year={2021},
  publisher={Multidisciplinary Digital Publishing Institute}
}

@article{namini2018namin,
  author    = {Sima Siami{-}Namini and
               Akbar Siami Namin},
  title     = {Forecasting Economics and Financial Time Series: {ARIMA} vs. {LSTM}},
  journal   = {CoRR},
  volume    = {abs/1803.06386},
  year      = {2018},
  url       = {http://arxiv.org/abs/1803.06386},
  eprinttype = {arXiv},
  eprint    = {1803.06386},
  timestamp = {Mon, 13 Aug 2018 16:49:13 +0200},
  biburl    = {https://dblp.org/rec/journals/corr/abs-1803-06386.bib},
  bibsource = {dblp computer science bibliography, https://dblp.org}
}


@article{bakar2017nashirah,
	author = {Abu Bakar, Nashirah and Rosbi, Sofian},
	doi = {10.22161/ijaers.4.11.20},
	journal = {International Journal of Advanced Engineering Research and Scinece},
	month = {11},
	title = {Autoregressive Integrated Moving Average (ARIMA) Model for Forecasting Cryptocurrency Exchange Rate in High Volatility Environment: A New Insight of Bitcoin Transaction},
	volume = {4},
	year = {2017},
	Bdsk-Url-1 = {https://doi.org/10.22161/ijaers.4.11.20}}
	

@inproceedings{sattarov2020seok,
	author = {Sattarov, Otabek and Jeon, Heung and Oh, Ryumduck and Lee, Jun},
	doi = {10.1109/ICISCT50599.2020.9351527},
	month = {11},
	pages = {1-4},
	title = {Forecasting Bitcoin Price Fluctuation by Twitter Sentiment Analysis},
	year = {2020},
	Bdsk-Url-1 = {https://doi.org/10.1109/ICISCT50599.2020.9351527}}
	
@misc{akbiyik2021erkul,
  doi = {10.48550/ARXIV.2110.14317},
  
  url = {https://arxiv.org/abs/2110.14317},
  
  author = {Akbiyik, M. Eren and Erkul, Mert and Kaempf, Killian and Vasiliauskaite, Vaiva and Antulov-Fantulin, Nino},
  
  keywords = {Statistical Finance (q-fin.ST), Machine Learning (cs.LG), Social and Information Networks (cs.SI), FOS: Economics and business, FOS: Economics and business, FOS: Computer and information sciences, FOS: Computer and information sciences},
  
  title = {Ask "Who", Not "What": Bitcoin Volatility Forecasting with Twitter Data},
  
  publisher = {arXiv},
  
  year = {2021},
  
  copyright = {arXiv.org perpetual, non-exclusive license}
}


@inproceedings{abraham2018higdon,
	author = {Jethin Abraham and Danny W. Higdon and Johnny Nelson and Juan Ibarra},
	title = {Cryptocurrency Price Prediction Using Tweet Volumes and Sentiment Analysis},
	year = {2018}}

@manual{pycaret, 
    title = {PyCaret: An open source, low-code machine learning library in Python}, 
    author = {Moez Ali}, 
    year = {2020}, 
    month = {April}, 
    note = {PyCaret version 1.0}, 
    url = {https://www.pycaret.org
    }
    


@article{guhr-EtAl:2021:fullstop,
  title={FullStop: Multilingual Deep Models for Punctuation Prediction},
  author    = {Guhr, Oliver  and  Schumann, Anne-Kathrin  and  Bahrmann, Frank  and  BÃ¶hme, Hans Joachim},
  booktitle      = {Proceedings of the Swiss Text Analytics Conference 2021},
  month          = {June},
  year           = {2021},
  address        = {Winterthur, Switzerland},
  publisher      = {CEUR Workshop Proceedings},  
  url       = {http://ceur-ws.org/Vol-2957/sepp_paper4.pdf}
}